@article{einstein,
    author =       "Albert Einstein",
    title =        "{Zur Elektrodynamik bewegter K{\"o}rper}. ({Duits})
        [{Over} de electrodynamica van bewegende lichamen]",
    journal =      "Annalen der Physik",
    volume =       "322",
    number =       "10",
    pages =        "891--921",
    year =         "1905",
    DOI =          "http://dx.doi.org/10.1002/andp.19053221004"
}

@book{latexcompanion,
    author    = "Michel Goossens and Frank Mittelbach and Alexander Samarin",
    title     = "The \LaTeX\ Companion",
    year      = "1993",
    publisher = "Addison-Wesley",
    address   = "Reading, Massachusetts"
}


@misc{knuthwebsite,
	author = "Donald Knuth",
	title = "Knuth: Computers and Typesetting",
	note = {[Online]. Beschikbaar op: \url{"http://www-cs-faculty.stanford.edu/~uno/abcde.html"} (Laatst geraadpleegd op: 16 maart 2020)}
}